<record><leader>00000cas a22000007a 4500</leader><controlfield tag="001">17214928</controlfield><controlfield tag="008">871210u1901uuuutxuwr ne      0    0eng d</controlfield><datafield ind1=" " ind2=" " tag="010"><subfield code="a">sn 87091270 </subfield></datafield><datafield ind1=" " ind2=" " tag="040"><subfield code="a">PPM</subfield><subfield code="b">eng</subfield><subfield code="c">PPM</subfield><subfield code="d">OCLCQ</subfield></datafield><datafield ind1=" " ind2=" " tag="042"><subfield code="a">msc</subfield></datafield><datafield ind1="0" ind2=" " tag="130"><subfield code="a">Saturday review (Killeen, Tex. : 1901)</subfield></datafield><datafield ind1="1" ind2="4" tag="245"><subfield code="a">The Saturday review.</subfield></datafield><datafield ind1=" " ind2=" " tag="260"><subfield code="a">Killeen, Tex. :</subfield><subfield code="b">W.E. Bennett,</subfield><subfield code="c">1901-</subfield></datafield><datafield ind1=" " ind2=" " tag="310"><subfield code="a">Weekly</subfield></datafield><datafield ind1="0" ind2=" " tag="362"><subfield code="a">Vol. 1, no. 1 (Sept. 7, 1901)-</subfield></datafield><datafield ind1=" " ind2=" " tag="500"><subfield code="a">"A weekly journal devoted to the interests of the young people of Bell County."</subfield></datafield><datafield ind1=" " ind2=" " tag="752"><subfield code="a">United States</subfield><subfield code="b">Texas</subfield><subfield code="c">Bell</subfield><subfield code="d">Killeen.</subfield></datafield><datafield ind1="1" ind2=" " tag="029"><subfield code="a">AU@</subfield><subfield code="b">000025837186</subfield></datafield></record>